<?xml version="1.0" encoding="UTF-8"?>
<record xmlns="http://www.loc.gov/MARC21/slim" xmlns:xsi="http://www.w3.org/2001/XMLSchema-instance" xsi:schemaLocation="http://www.loc.gov/MARC21/slim http://www.loc.gov/standards/marcxml/schema/MARC21slim.xsd">
<leader>     nam a2200253ua 4500</leader>
<controlfield tag="001">001680160</controlfield>
<controlfield tag="003">NNU</controlfield>
<controlfield tag="005">20001218222421.0</controlfield>
<controlfield tag="008">951208s1952    sy            000 0 ara d</controlfield>
<datafield tag="035" ind1="9" ind2=" ">
<subfield code="a">NYUb12223560</subfield>
</datafield>
<datafield tag="035" ind1=" " ind2=" ">
<subfield code="a">(NjP)notisCBZ6527</subfield>
</datafield>
<datafield tag="035" ind1=" " ind2=" ">
<subfield code="a">(CStRLIN)NJPG95-B77189</subfield>
</datafield>
<datafield tag="040" ind1=" " ind2=" ">
<subfield code="a">NjP</subfield>
<subfield code="c">NjP</subfield>
</datafield>
<datafield tag="100" ind1="1" ind2=" ">
<subfield code="a">ʻAmrīṭī, Yaḥyá ibn Mūsá,</subfield>
<subfield code="d">fl. 1581.</subfield>
</datafield>
<datafield tag="245" ind1="1" ind2="0">
<subfield code="a">Nihāyat al-tadrīb fī naẓm Ghāyat al-taqrīb /</subfield>
<subfield code="c">ta'līf Sharaf al-Dīn Yaḥyá ibn Nūr al-Dīn Mūsá al-ʻAmrīṭī ; ʻuniyā bi-taṣḥīḥihā wa-al-taʻlīq ʻalayhā Muḥammad Ḥasan Ḥabannakah al-Maydānī.</subfield>
</datafield>
<datafield tag="260" ind1=" " ind2=" ">
<subfield code="a">Dimashq :</subfield>
<subfield code="b">al-Maktabah al-ʻArabīyah,</subfield>
<subfield code="c">1372 [1952]</subfield>
</datafield>
<datafield tag="300" ind1=" " ind2=" ">
<subfield code="a">188 p. ;</subfield>
<subfield code="c">23 cm.</subfield>
</datafield>
<datafield tag="500" ind1=" " ind2=" ">
<subfield code="a">A versification of Abū Shujāʻ's work commonly known under the title: Ghāyat al-ikhtiṣār.</subfield>
</datafield>
<datafield tag="650" ind1=" " ind2="0">
<subfield code="a">Islamic law.</subfield>
</datafield>
<datafield tag="650" ind1=" " ind2="0">
<subfield code="a">Shafiites.</subfield>
</datafield>
<datafield tag="700" ind1="1" ind2="2">
<subfield code="a">Abū Shujāʻ al-Iṣfahānī, Aḥmad ibn al-Ḥusayn,</subfield>
<subfield code="d">b. ca. 1042.</subfield>
<subfield code="t">Ghāyat alʼ-ikhtiṣār.</subfield>
</datafield>
<datafield tag="700" ind1="1" ind2=" ">
<subfield code="a">Maydānī, Muḥammad Ḥasan Ḥabannakah.</subfield>
</datafield>
<datafield tag="OWN" ind1=" " ind2=" ">
<subfield code="a">GENERAL</subfield>
</datafield>
<datafield tag="950" ind1=" " ind2=" ">
<subfield code="l">BMAIN</subfield>
<subfield code="a">PJ7558</subfield>
<subfield code="b">.A6</subfield>
</datafield>
<datafield tag="955" ind1=" " ind2=" ">
<subfield code="l">BMAIN</subfield>
<subfield code="c">1</subfield>
<subfield code="r">028856766</subfield>
</datafield>
<datafield tag="998" ind1=" " ind2=" ">
<subfield code="s">9124</subfield>
</datafield>
<datafield tag="AVA" ind1=" " ind2=" ">
<subfield code="a">NYU50</subfield>
<subfield code="b">BOBST</subfield>
<subfield code="c">Main Collection</subfield>
<subfield code="d">PJ7558 .A6</subfield>
<subfield code="e">unavailable</subfield>
<subfield code="t">Unavailable</subfield>
<subfield code="f">1</subfield>
<subfield code="g">1</subfield>
<subfield code="h">N</subfield>
<subfield code="i">1</subfield>
<subfield code="j">MAIN</subfield>
<subfield code="k">0</subfield>
</datafield>
</record>
